@article{bratus2017curing,
  title={Curing the vulnerable parser},
  author={Bratus, SERGEY and Hermerschmidt, LARS and Hallberg, SVEN M and Locasto, MICHAEL E and Momot, FALCON D and PATTERSON, MEREDITH L and SHUBINA, ANNA},
  journal={usenix. org},
  year={2017}
}

@article{leijen2001parsec,
  title={Parsec: Direct style monadic parser combinators for the real world},
  author={Leijen, Daan and Meijer, Erik},
  year={2001}
}

@inproceedings{couprie2015nom,
  title={Nom, a byte oriented, streaming, zero copy, parser combinators library in rust},
  author={Couprie, Geoffroy},
  booktitle={2015 IEEE Security and Privacy Workshops},
  pages={142--148},
  year={2015},
  organization={IEEE}
}

@article{wyatt2021work,
  title={Work in progress: Demystifying PDF through a machine-readable definition},
  author={Wyatt, Peter},
  year={2021}
}
